<?xml version="1.0" encoding="UTF-8"?><record xmlns="http://www.loc.gov/MARC21/slim" xmlns:cinclude="http://apache.org/cocoon/include/1.0" xmlns:zs="http://www.loc.gov/zing/srw/">
  <leader>00532nz  a2200145n  4500</leader>
  <controlfield tag="001">no2009086025</controlfield>
  <controlfield tag="003">DLC</controlfield>
  <controlfield tag="005">20090606075453.0</controlfield>
  <controlfield tag="008">090604n| acannaabn          |n ana     c</controlfield>
  <datafield tag="010" ind1=" " ind2=" ">
    <subfield code="a">no2009086025</subfield>
  </datafield>
  <datafield tag="035" ind1=" " ind2=" ">
    <subfield code="a">(OCoLC)oca08131135</subfield>
  </datafield>
  <datafield tag="040" ind1=" " ind2=" ">
    <subfield code="a">TxEU</subfield>
    <subfield code="b">eng</subfield>
    <subfield code="c">TxEU</subfield>
  </datafield>
  <datafield tag="110" ind1="2" ind2=" ">
    <subfield code="a">El Paso Country Day School</subfield>
  </datafield>
  <datafield tag="670" ind1=" " ind2=" ">
    <subfield code="a">Cooking with class, 1990:</subfield>
    <subfield code="b">cover (El Paso Country Day School)</subfield>
  </datafield>
  <datafield tag="670" ind1=" " ind2=" ">
    <subfield code="a">World Wide Web site, viewed May 5, 2009:</subfield>
    <subfield code="b">home page (El Paso Country Day School, 109 Argonaut &amp; 220 Cliff St., El Paso, Tex. 79912)</subfield>
    <subfield code="u">http://epcds.org</subfield>
  </datafield>
</record>